% This file was created with JabRef 2.9.2.
% Encoding: Cp1252

@electronic{BKRT2018, 
author = "Dominick Frasso",
title="Best Keyword Research Tools For SEO: 2018 Edition", 
year={2018},
url={https://www.shoutmeloud.com/best-keyword-research-tools-niche.html}, 
urldate = {2018-05-17}
}

@electronic{SEOCOMPLETE, 
author = "Brian Dean",
title="SEO Tools: The Complete List (2018 Update)", 
year={2018},
url={https://backlinko.com/seo-tools}, 
urldate = {2018-04-04}
}

@electronic{SEO13, 
author = "Nicole Martins Ferreira",
title="13 Best SEO Tools that SEO Experts Actually Use in 2018", 
year={2018},
url={https://www.oberlo.com/blog/seo-tools}, 
urldate = {2018-03-14}
}

@ONLINE {ZOEKMACHINES,
    author = "Statcounter",
    year   = "2018",
    url    = "https://gs.statcounter.com/search-engine-market-share"
    urldate = {2018-10-14}
}

@ONLINE {AUDIT,
    author = "Frederik Vermeire",
    year   = "2018",
    url    = "https://www.wiseo.be/oplossing/seo-audit"
    urldate = {2018-10-13}
}

@electronic{MAJESTIC, 
author = "Adam Mason",
title="Using Majestic Citation Flow and Trust Flow to check the Quality of your Link Prospects", 
year={2014},
url={https://blog.majestic.com/case-studies/using-majestic-citation-flow-trust-flow-check-quality-link-prospects/}, 
urldate = {2014-01-8}
}

@ONLINE {DATAFORSEO,
    author = "Data For SEO",
    year   = "2018",
    url    = "https://docs.dataforseo.com/?java#get-related-keywords"
    urldate = {2018-10-18}
}

 @ONLINE {google.be,
    author = "google.be",
    year   = "2018",
    url    = "https://www.google.be/"
    urldate = {2018-10-20}
}

@ONLINE {ubersuggest,
    author = "Neil Patel",
    year   = "2018",
    url    = "https://neilpatel.com/ubersuggest/"
    urldate = {2018-10-20}
}

@ONLINE {keywordtoolio,
    author = "Keywordtool",
    year   = "2018",
    url    = "https://keywordtool.io/"
    urldate = {2018-11-01}
}

@ONLINE {moz,
    author = "Moz",
    year   = "2018",
    url    = "https://moz.com/"
    urldate = {2018-11-01}
}

@ONLINE {kwfinder,
    author = "Kwfinder",
    year   = "2018",
    url    = "https://kwfinder.com/"
    urldate = {2018-11-04}
}

@ONLINE {semrush,
    author = "Semrush",
    year   = "2018",
    url    = "https://www.semrush.com/"
    urldate = {2018-11-06}
}

@ONLINE {awrcloud,
    author = "AWR Cloud",
    year   = "2018",
    url    = "https://www.awrcloud.com/"
    urldate = {2018-11-06}
}

@ONLINE {ranktracker,
    author = "Ranktracker",
    year   = "2018",
    url    = "https://www.ranktracker.com/"
    urldate = {2018-11-06}
}

@ONLINE {accuranker,
    author = "Accuranker",
    year   = "2018",
    url    = "https://www.accuranker.com/"
    urldate = {2018-11-06}
}

@ONLINE {ahrefs,
    author = "Ahrefs",
    year   = "2018",
    url    = "https://ahrefs.com/"
    urldate = {2018-12-03}
}

@ONLINE {backlinkchecker,
    author = "Smallseotools",
    year   = "2018",
    url    = "https://smallseotools.com/backlink-checker/"
    urldate = {2018-12-03}
}

@ONLINE {majestic,
    author = "Majestic",
    year   = "2018",
    url    = "https://majestic.com/"
    urldate = {2018-12-03}
}

h@ONLINE {screamingfrog,
    author = "Screamingfrog",
    year   = "2018",
    url    = "https://www.screamingfrog.co.uk/"
    urldate = {2018-12-03}
}

@ONLINE {sitebulb,
    author = "Sitebulb",
    year   = "2018",
    url    = "https://sitebulb.com/"
    urldate = {2018-12-14}
}

@ONLINE {oncrawl,
    author = "Oncrawl",
    year   = "2018",
    url    = "https://www.oncrawl.com/"
    urldate = {2018-12-14}
}

@ONLINE {deepcrawl,
    author = "Deepcrawl",
    year   = "2018",
    url    = "https://www.deepcrawl.com/"
    urldate = {2018-12-14}
}

@ONLINE {websiteauditor,
    author = "Link Assistant",
    year   = "2018",
    url    = "https://www.link-assistant.com/website-auditor/"
    urldate = {2018-12-14}
}