% This file was created with JabRef 2.9.2.
% Encoding: Cp1252

@electronic{BKRT2018, 
author = "Dominick Frasso",
title="Best Keyword Research Tools For SEO: 2018 Edition", 
year={2018},
url={https://www.shoutmeloud.com/best-keyword-research-tools-niche.html}, 
urldate = {2018-05-17}
}

@electronic{SEOCOMPLETE, 
author = "Brian Dean",
title="SEO Tools: The Complete List (2018 Update)", 
year={2018},
url={https://backlinko.com/seo-tools}, 
urldate = {2018-04-04}
}

@electronic{SEO13, 
author = "Nicole Martins Ferreira",
title="13 Best SEO Tools that SEO Experts Actually Use in 2018", 
year={2018},
url={https://www.oberlo.com/blog/seo-tools}, 
urldate = {2018-03-14}
}

